%YAML 1.1
%TAG !u! tag:unity3d.com,2011:
--- !u!1001 &100100000
Prefab:
  m_ObjectHideFlags: 1
  serializedVersion: 2
  m_Modification:
    m_TransformParent: {fileID: 0}
    m_Modifications: []
    m_RemovedComponents: []
  m_ParentPrefab: {fileID: 0}
  m_RootGameObject: {fileID: 1898197018800620}
  m_IsPrefabParent: 1
--- !u!1 &1898197018800620
GameObject:
  m_ObjectHideFlags: 0
  m_PrefabParentObject: {fileID: 0}
  m_PrefabInternal: {fileID: 100100000}
  serializedVersion: 5
  m_Component:
  - component: {fileID: 4582816436509970}
  - component: {fileID: 212792422675486674}
  - component: {fileID: 60305526442651906}
  - component: {fileID: 114264054828260268}
  - component: {fileID: 114346917456918184}
  m_Layer: 10
  m_Name: EnemyZigZag01
  m_TagString: Untagged
  m_Icon: {fileID: 0}
  m_NavMeshLayer: 0
  m_StaticEditorFlags: 0
  m_IsActive: 1
--- !u!4 &4582816436509970
Transform:
  m_ObjectHideFlags: 1
  m_PrefabParentObject: {fileID: 0}
  m_PrefabInternal: {fileID: 100100000}
  m_GameObject: {fileID: 1898197018800620}
  m_LocalRotation: {x: 0, y: 0, z: 0, w: 1}
  m_LocalPosition: {x: 0, y: 0, z: 0}
  m_LocalScale: {x: 0.8, y: 0.8, z: 1}
  m_Children: []
  m_Father: {fileID: 0}
  m_RootOrder: 0
  m_LocalEulerAnglesHint: {x: 0, y: 0, z: 0}
--- !u!60 &60305526442651906
PolygonCollider2D:
  m_ObjectHideFlags: 1
  m_PrefabParentObject: {fileID: 0}
  m_PrefabInternal: {fileID: 100100000}
  m_GameObject: {fileID: 1898197018800620}
  m_Enabled: 1
  m_Density: 1
  m_Material: {fileID: 0}
  m_IsTrigger: 1
  m_UsedByEffector: 0
  m_UsedByComposite: 0
  m_Offset: {x: -0, y: 0}
  m_SpriteTilingProperty:
    border: {x: 0, y: 0, z: 0, w: 0}
    pivot: {x: 0.5, y: 0.5}
    oldSize: {x: 2.56, y: 2.56}
    newSize: {x: 2.56, y: 2.55}
    adaptiveTilingThreshold: 0.5
    drawMode: 0
    adaptiveTiling: 0
  m_AutoTiling: 0
  m_Points:
    m_Paths:
    - - {x: 0, y: 0.46}
      - {x: -0.45, y: -0.43}
      - {x: 0.45, y: -0.43}
--- !u!114 &114264054828260268
MonoBehaviour:
  m_ObjectHideFlags: 1
  m_PrefabParentObject: {fileID: 0}
  m_PrefabInternal: {fileID: 100100000}
  m_GameObject: {fileID: 1898197018800620}
  m_Enabled: 1
  m_EditorHideFlags: 0
  m_Script: {fileID: 11500000, guid: dfad565443de9457e8aa1419432ba5fa, type: 3}
  m_Name: 
  m_EditorClassIdentifier: 
  target: {fileID: 212792422675486674}
  colorPath: color
  colorPalette: {fileID: 11400000, guid: 96ad9db8d7c78465f90a4ee98b11063e, type: 2}
  colorGroup:
    name: EnemyZigZag
    colors:
    - {r: 1, g: 1, b: 0, a: 1}
    - {r: 0.9490196, g: 0.8350327, b: 0.09411764, a: 1}
    - {r: 0.9019608, g: 0.7095425, b: 0.18039215, a: 1}
  colorIndex: 0
--- !u!114 &114346917456918184
MonoBehaviour:
  m_ObjectHideFlags: 1
  m_PrefabParentObject: {fileID: 0}
  m_PrefabInternal: {fileID: 100100000}
  m_GameObject: {fileID: 1898197018800620}
  m_Enabled: 1
  m_EditorHideFlags: 0
  m_Script: {fileID: 11500000, guid: 7eb4cf592e88dbb4ba988c046d769e85, type: 3}
  m_Name: 
  m_EditorClassIdentifier: 
  spawner:
    settings:
      poolSize: 100
      initEnable: 1
      interval: {x: 1, y: 1}
      initDelay: {x: 0, y: 0}
      countRange: {x: 1, y: 1}
      prefabs:
        list: []
    enabled: 0
    spawnDelay: 0
    poolPosition: {x: 0, y: 0, z: 0}
  velocity: {x: 0, y: 0, z: 0}
  target: {fileID: 0}
  speed: 6
  speedDampen: 0.2
  angularSpeed: 60
  power: 0.5
  health: 1
  score: 2
  isBoss: 0
  zigZagLength: 2
  zigZagInterval: 1
  zigZagAngle: {x: 15, y: 45}
--- !u!212 &212792422675486674
SpriteRenderer:
  m_ObjectHideFlags: 1
  m_PrefabParentObject: {fileID: 0}
  m_PrefabInternal: {fileID: 100100000}
  m_GameObject: {fileID: 1898197018800620}
  m_Enabled: 1
  m_CastShadows: 0
  m_ReceiveShadows: 0
  m_DynamicOccludee: 1
  m_MotionVectors: 1
  m_LightProbeUsage: 1
  m_ReflectionProbeUsage: 1
  m_RenderingLayerMask: 4294967295
  m_Materials:
  - {fileID: 2100000, guid: bec95573e1c1cd54a9c1fd18d1298e5c, type: 2}
  m_StaticBatchInfo:
    firstSubMesh: 0
    subMeshCount: 0
  m_StaticBatchRoot: {fileID: 0}
  m_ProbeAnchor: {fileID: 0}
  m_LightProbeVolumeOverride: {fileID: 0}
  m_ScaleInLightmap: 1
  m_PreserveUVs: 0
  m_IgnoreNormalsForChartDetection: 0
  m_ImportantGI: 0
  m_StitchLightmapSeams: 0
  m_SelectedEditorRenderState: 0
  m_MinimumChartSize: 4
  m_AutoUVMaxDistance: 0.5
  m_AutoUVMaxAngle: 89
  m_LightmapParameters: {fileID: 0}
  m_SortingLayerID: -695162055
  m_SortingLayer: 1
  m_SortingOrder: 1
  m_Sprite: {fileID: 21300000, guid: 665d9ad32a64dea4fbfb9e241f965d70, type: 3}
  m_Color: {r: 1, g: 1, b: 0, a: 1}
  m_FlipX: 0
  m_FlipY: 0
  m_DrawMode: 0
  m_Size: {x: 2.56, y: 2.55}
  m_AdaptiveModeThreshold: 0.5
  m_SpriteTileMode: 0
  m_WasSpriteAssigned: 1
  m_MaskInteraction: 0
